@article{franche2011examining,
  title={Examining the impact of worker and workplace factors on prolonged work absences among Canadian nurses},
  author={Franche, Ren{\'e}e-Louise and Murray, Eleanor and Ibrahim, Selahadin and Smith, Peter and Carnide, Nancy and C{\^o}t{\'e}, Pierre and Gibson, Jane and Koehoorn, Mieke},
  journal={Journal of occupational and environmental medicine},
  volume={53},
  number={8},
  pages={919--927},
  year={2011},
  publisher={LWW}
}